@article{richardson1998vnc,
  title = {Virtual network computing},
  volume = {2},
  ISSN = {1089-7801},
  url = {http://dx.doi.org/10.1109/4236.656066},
  DOI = {10.1109/4236.656066},
  number = {1},
  journal = {IEEE Internet Computing},
  publisher = {Institute of Electrical and Electronics Engineers (IEEE)},
  author = {Richardson,  T. and Stafford-Fraser,  Q. and Wood,  K.R. and Hopper,  A.},
  year = {1998},
  pages = {33–38}
}

 @article{Scheifler1986,
  title = {The X window system},
  volume = {5},
  ISSN = {1557-7368},
  url = {http://dx.doi.org/10.1145/22949.24053},
  DOI = {10.1145/22949.24053},
  number = {2},
  journal = {ACM Transactions on Graphics},
  publisher = {Association for Computing Machinery (ACM)},
  author = {Scheifler,  Robert W. and Gettys,  Jim},
  year = {1986},
  month = apr,
  pages = {79–109}
}
